@misc{Dictionary.com,
  title = {Dictionary.com},
  howpublished = {\url{https://www.dictionary.com/browse/hate-speech}},
  note = {Accessed: 2020-01-21} 
}

@misc{Kaggle,
  title = {Hate Speech},
  howpublished = {\url{https://www.kaggle.com/mohit28rawat/hate-speech#labels.csv}},
  note = {Accessed: 2020-01-22}
}

@misc{HateSpeech,
  title = {Hate Speech},
  howpublished = {\url{http://hatespeechdata.com/}},
  note = {Accessed: 2020-01-22}
}

@misc{HateBaseOrg,
	title = {Hate Base Org},
	howpublished = {\url{http://hatebase.org/}},
	note = {Accessed: 2020-03-03}
}

@misc{HatefulUsersTwitter,
  title = {Hateful Users on Twitter},
  howpublished = {\url{https://github.com/manoelhortaribeiro/HatefulUsersTwitter}},
  note = {Accessed: 2020-01-23}
}

@misc{vidhya,
  title = {Analytics Vidhya},
  howpublished = {\url{https://datahack.analyticsvidhya.com/contest/practice-problem-twitter-sentiment-analysis/}},
  note = {Accessed: 2020-03-06}
}


@article{ribeiro2017like,
  title={'Like Sheep Among Wolves': Characterizing Hateful Users on Twitter},
  author={Ribeiro, Manoel Horta and Calais, Pedro H and Santos, Yuri A and Almeida, Virg{\'\i}lio AF and Meira Jr, Wagner},
  journal={arXiv preprint arXiv:1801.00317},
  year={2017}
}


@article{
	Davidsonetal.,
	title={Automated Hate Speech Detection and the Problem of Offensive Language},
	author={Davidson, Warmsley, Macy, and Weber},
	journal={arXiv:1703.04009v1},
	year={2017}
}

@misc{davidson2017automated,
    title={Automated Hate Speech Detection and the Problem of Offensive Language},
    author={Thomas Davidson and Dana Warmsley and Michael Macy and Ingmar Weber},
    year={2017},
    eprint={1703.04009},
    archivePrefix={arXiv},
    primaryClass={cs.CL}
}

@article{
	MacAvaneyetal.,
	title={Hate speech detection: Challenges and solutions},
	author={MacAvaney, Yao, Yang, Russell, Goharian, Frieder},
	journal={PLOS|ONE},
	year={2019}
}

@inproceedings{davidson2017automated,
  title={Automated hate speech detection and the problem of offensive language},
  author={Davidson, Thomas and Warmsley, Dana and Macy, Michael and Weber, Ingmar},
  booktitle={Eleventh international aaai conference on web and social media},
  year={2017}
}


@misc{AutomatedHateSpeechGitHub,
  title = {Automated Hate Speech Detection and the Problem of Offensive Language},
  howpublished = {\url{https://github.com/t-davidson/hate-speech-and-offensive-language}},
  note = {Accessed: 2020-01-23}
}


@misc{DiscordDevelopers,
  title = {Discord Developers Portal},
  howpublished = {\url{https://discordapp.com/developers}},
  note = {Accessed: 2020-04-23} 
}


@misc{kingma2014adam,
    title={Adam: A Method for Stochastic Optimization},
    author={Diederik P. Kingma and Jimmy Ba},
    year={2014},
    eprint={1412.6980},
    archivePrefix={arXiv},
    primaryClass={cs.LG}
}