@misc{Dictionary.com,
  title = {Dictionary.com},
  howpublished = {\url{https://www.dictionary.com/browse/hate-speech}},
  note = {Accessed: 2020-01-21} 
}

@misc{Kaggle,
  title = {Hate Speech},
  howpublished = {\url{https://www.kaggle.com/mohit28rawat/hate-speech#labels.csv}},
  note = {Accessed: 2020-01-22}
}

@misc{HateSpeech,
  title = {Hate Speech},
  howpublished = {\url{http://hatespeechdata.com/}},
  note = {Accessed: 2020-01-22}
}

@misc{HatefulUsersTwitter,
  title = {Hateful Users on Twitter},
  howpublished = {\url{https://github.com/manoelhortaribeiro/HatefulUsersTwitter}},
  note = {Accessed: 2020-01-23}
}


@article{ribeiro2017like,
  title={'Like Sheep Among Wolves': Characterizing Hateful Users on Twitter},
  author={Ribeiro, Manoel Horta and Calais, Pedro H and Santos, Yuri A and Almeida, Virg{\'\i}lio AF and Meira Jr, Wagner},
  journal={arXiv preprint arXiv:1801.00317},
  year={2017}
}

@inproceedings{davidson2017automated,
  title={Automated hate speech detection and the problem of offensive language},
  author={Davidson, Thomas and Warmsley, Dana and Macy, Michael and Weber, Ingmar},
  booktitle={Eleventh international aaai conference on web and social media},
  year={2017}
}


@misc{AutomatedHateSpeechGitHub,
  title = {Automated Hate Speech Detection and the Problem of Offensive Language},
  howpublished = {\url{https://github.com/t-davidson/hate-speech-and-offensive-language}},
  note = {Accessed: 2020-01-23}
}
